@article{hayamiNonlinearNonreciprocalTransport2022,
  title = {Nonlinear Nonreciprocal Transport in Antiferromagnets Free from Spin-Orbit Coupling},
  author = {Hayami, Satoru and Yatsushiro, Megumi},
  year = {2022},
  month = jul,
  journal = {Physical Review B},
  volume = {106},
  number = {1},
  pages = {014420},
  issn = {2469-9950, 2469-9969},
  doi = {10.1103/PhysRevB.106.014420},
  urldate = {2025-01-04},
  langid = {english},
  file = {/home/nabil/Zotero/storage/42QD5T9F/Hayami and Yatsushiro - 2022 - Nonlinear nonreciprocal transport in antiferromagnets free from spin-orbit coupling.pdf}
}

@article{tangHighTemperatureFractionalQuantum2011a,
  title = {High-{{Temperature Fractional Quantum Hall States}}},
  author = {Tang, Evelyn and Mei, Jia-Wei and Wen, Xiao-Gang},
  year = {2011},
  month = jun,
  journal = {Physical Review Letters},
  volume = {106},
  number = {23},
  pages = {236802},
  issn = {0031-9007, 1079-7114},
  doi = {10.1103/PhysRevLett.106.236802},
  urldate = {2025-01-04},
  copyright = {http://link.aps.org/licenses/aps-default-license},
  langid = {english},
  file = {/home/nabil/Zotero/storage/LPZBK6MR/Tang et al. - 2011 - High-Temperature Fractional Quantum Hall States.pdf}
}


