@article{gorantlaGappedLineonFracton2023,
  title = {Gapped Lineon and Fracton Models on Graphs},
  author = {Gorantla, Pranay and Lam, Ho Tat and Seiberg, Nathan and Shao, Shu-Heng},
  year = {2023},
  month = mar,
  journal = {Phys. Rev. B},
  volume = {107},
  number = {12},
  pages = {125121},
  publisher = {American Physical Society},
  doi = {10.1103/PhysRevB.107.125121},
  urldate = {2025-01-25},
  file = {/home/nabil/Zotero/storage/LTNVSNEW/Gorantla et al. - 2023 - Gapped lineon and fracton models on graphs.pdf;/home/nabil/Zotero/storage/EDZ854XN/PhysRevB.107.html}
}
